@book{cormen2001introduction,
  author = {Thomas H. Cormen and Charles E. Leiserson and Ronald L. Rivest and
            Clifford Stein},
  title = {Introduction to Algorithms, Second Edition},
  publisher = {MIT Press and McGraw-Hill},
  year = {2001},
  isbn = {0-262-03293-7},
  note = {Section 33.3: Finding the convex hull, pp. 947--957},
}

@article{preparata1977convex,
  author = {Franco P. Preparata and S. J. Hong},
  title = {Convex Hulls of Finite Sets of Points in Two and Three Dimensions},
  journal = {Communications of the ACM},
  volume = {20},
  number = {2},
  pages = {87--93},
  year = {1977},
}

@book{deBerg2000computational,
  author = {Mark de Berg and Marc van Kreveld and Mark Overmars and Otfried
            Schwarzkopf},
  title = {Computational Geometry},
  edition = {2nd revised},
  publisher = {Springer-Verlag},
  year = {2000},
  isbn = {978-3-540-65620-3},
}

@article{jarvis1973convex,
  author = {Jarvis, R. A.},
  title = {On the identification of the convex hull of a finite set of points in
           the plane},
  journal = {Information Processing Letters},
  volume = {2},
  pages = {18--21},
  year = {1973},
  doi = {10.1016/0020-0190(73)90020-3},
}

@article{chan1996convex,
  author = {Chan, Timothy M.},
  title = {Optimal output-sensitive convex hull algorithms in two and three
           dimensions},
  journal = {Discrete \& Computational Geometry},
  volume = {16},
  number = {4},
  pages = {361--368},
  year = {1996},
  doi = {10.1007/BF02712873},
}
@article{chazelle1995derandomizing,
  author = {Chazelle, Bernard and Matou{\v{s}}ek, Ji{\v{r}}{\'i}},
  title = {Derandomizing an output-sensitive convex hull algorithm in three
           dimensions},
  journal = {Computational Geometry},
  volume = {5},
  pages = {27--32},
  year = {1995},
  doi = {10.1016/0925-7721(94)00018-Q},
}

@article{graham1972convex,
  author = {Graham, R. L.},
  title = {An Efficient Algorithm for Determining the Convex Hull of a Finite
           Planar Set},
  journal = {Information Processing Letters},
  volume = {1},
  number = {4},
  pages = {132--133},
  year = {1972},
  doi = {10.1016/0020-0190(72)90045-2},
}

@article{barber1996quickhull,
  author = {Barber, C. Bradford and Dobkin, David P. and Huhdanpaa, Hannu},
  title = {The quickhull algorithm for convex hulls},
  journal = {ACM Transactions on Mathematical Software},
  volume = {22},
  number = {4},
  pages = {469--483},
  year = {1996},
  month = {December},
  doi = {10.1145/235815.235821},
}
